%% This BibTeX bibliography file was created using BibDesk.
%% https://bibdesk.sourceforge.io/

%% Created for Jake Bowers at 2020-11-18 11:50:49 -0600 


%% Saved with string encoding Unicode (UTF-8) 



@book{gerber2012field,
	author = {Gerber, Alan S and Green, Donald P},
	date-added = {2020-11-18 11:50:14 -0600},
	date-modified = {2020-11-18 11:50:14 -0600},
	publisher = {WW Norton},
	title = {{Field experiments: Design, analysis, and interpretation}},
	year = {2012}}

@article{hansen2008cbs,
	author = {Hansen, B.B. and Bowers, J.},
	date-added = {2020-11-18 11:50:07 -0600},
	date-modified = {2020-11-18 11:50:07 -0600},
	journal = {Statistical Science},
	pages = {219},
	title = {Covariate Balance in Simple, Stratified and Clustered Comparative Studies},
	volume = {23},
	year = {2008},
	Bdsk-File-1 = {YnBsaXN0MDDSAQIDBFxyZWxhdGl2ZVBhdGhZYWxpYXNEYXRhXxBWLi4vLi4vLi4vLi4vLi4vUGFwZXJzL0hhbnNlbi9Db3ZhcmlhdGUgQmFsYW5jZSBpbiBTaW1wbGUsIFN0cmF0aWZpZWQgYW5kIENsdXN0ZXJlZC5wZGZPEQIqAAAAAAIqAAIAAAxNYWNpbnRvc2ggSEQAAAAAAAAAAAAAAAAAAADBqKWuSCsAAADPS/0fQ292YXJpYXRlIEJhbGFuY2UgaW4jQ0Y0QkZGLnBkZgAAAAAAAAAAAAAAAAAAAAAAAAAAAAAAAAAAAAAAAAAAAM9L/8WkjrsAAAAAAAAAAAAFAAMAAAkgAAAAAAAAAAAAAAAAAAAABkhhbnNlbgAQAAgAAMGo+g4AAAARAAgAAMWk4xsAAAABABQAz0v9AJgq/QAEiyEABIsZAABp1AACAE9NYWNpbnRvc2ggSEQ6VXNlcnM6bWFyazpEb2N1bWVudHM6UGFwZXJzOkhhbnNlbjpDb3ZhcmlhdGUgQmFsYW5jZSBpbiNDRjRCRkYucGRmAAAOAHQAOQBDAG8AdgBhAHIAaQBhAHQAZQAgAEIAYQBsAGEAbgBjAGUAIABpAG4AIABTAGkAbQBwAGwAZQAsACAAUwB0AHIAYQB0AGkAZgBpAGUAZAAgAGEAbgBkACAAQwBsAHUAcwB0AGUAcgBlAGQALgBwAGQAZgAPABoADABNAGEAYwBpAG4AdABvAHMAaAAgAEgARAASAFxVc2Vycy9tYXJrL0RvY3VtZW50cy9QYXBlcnMvSGFuc2VuL0NvdmFyaWF0ZSBCYWxhbmNlIGluIFNpbXBsZSwgU3RyYXRpZmllZCBhbmQgQ2x1c3RlcmVkLnBkZgATAAEvAAAVAAIAC///AAAACAANABoAJAB9AAAAAAAAAgEAAAAAAAAABQAAAAAAAAAAAAAAAAAAAqs=},
	Bdsk-File-2 = {YnBsaXN0MDDSAQIDBFxyZWxhdGl2ZVBhdGhZYWxpYXNEYXRhXxAtLi4vLi4vLi4vLi4vRHJvcGJveC9QQVBFUlMvaGFuc2VuMjAwOGNiczAucGRmTxEBYgAAAAABYgACAAAMTWFjaW50b3NoIEhEAAAAAAAAAAAAAAAAAAAAAAAAAEJEAAH/////EmhhbnNlbjIwMDhjYnMwLnBkZgAAAAAAAAAAAAAAAAAAAAAAAAAAAAAAAAAAAAAAAAAAAAAAAAAAAAAAAAAAAP////8AAAAAAAAAAAAAAAAABAADAAAKIGN1AAAAAAAAAAAAAAAAAAZQQVBFUlMAAgAyLzpVc2Vyczpqd2Jvd2VyczpEcm9wYm94OlBBUEVSUzpoYW5zZW4yMDA4Y2JzMC5wZGYADgAmABIAaABhAG4AcwBlAG4AMgAwADAAOABjAGIAcwAwAC4AcABkAGYADwAaAAwATQBhAGMAaQBuAHQAbwBzAGgAIABIAEQAEgAwVXNlcnMvandib3dlcnMvRHJvcGJveC9QQVBFUlMvaGFuc2VuMjAwOGNiczAucGRmABMAAS8AABUAAgAP//8AAAAIAA0AGgAkAFQAAAAAAAACAQAAAAAAAAAFAAAAAAAAAAAAAAAAAAABug==},
	Bdsk-Url-1 = {doi:10.1214/08-STS254}}

@article{kalton1968,
	author = {Kalton, G.},
	date-added = {2020-11-18 11:49:52 -0600},
	date-modified = {2020-11-18 11:49:52 -0600},
	journal = {Applied Statistics},
	keywords = {Survey analysis; Attribute data},
	pages = {118--136},
	title = {Standardization: {A} technique to control for extraneous variables},
	volume = {17},
	year = {1968}}

@unpublished{pashley2020blkvar,
	author = {Nicole Pashley and Luke Miratrix},
	date-added = {2020-11-18 11:49:44 -0600},
	date-modified = {2020-11-18 11:49:44 -0600},
	note = {R package version 0.0.1.5},
	title = {blkvar: ATE and Treatment Variation Estimation for Blocked and Multisite RCTs}}

@article{pashley2020blocked,
	author = {Pashley, Nicole E and Miratrix, Luke W},
	date-added = {2020-11-18 11:49:44 -0600},
	date-modified = {2020-11-18 11:49:44 -0600},
	doi = {10.3102/1076998620946272},
	journal = {Journal of Educational and Behavioral Statistics},
	number = {X},
	pages = {1--26},
	title = {Insights on Variance Estimation for Blocked and Matched Pairs Designs},
	volume = {XX},
	year = {2020},
	Bdsk-Url-1 = {https://doi.org/10.3102/1076998620946272}}
